2446 4628
226 378 298 450 260

236 552 303 623 rice
317 549 500 618 eminentia
519 564 670 629 externa,
702 546 834 617 insama
851 548 1012 633 unitio.
1043 567 1077 623 tt
1089 557 1191 645 intua

235 680 334 745 ura,
347 665 430 737 ¹basi
447 667 569 746 clausa.

321 819 407 878 Tam
435 810 582 900 corporis
610 833 712 899 quam
737 804 928 898 petiunculi
966 815 1115 906 parietes
1138 821 1190 890 s'sti

231 923 349 1001 crassi,
381 924 516 989 laminis
534 925 664 989 duabus
682 941 893 1006 constantes,
917 931 1106 1008 cellbloai,
1124 939 1189 1001 cessa

230 1042 273 1117 ti,
298 1039 403 1103 forma
428 1034 537 1105 variis.
557 1094 563 1106 .
582 1036 718 1135 Cornua
742 1012 845 1103 simili
871 1040 1030 1108 materia
1051 1042 1187 1135 spongias

230 1167 396 1220 constant.

317 1298 421 1389 obs„
440 1319 468 1362 ι.
515 1293 706 1383 Descriptio
728 1298 803 1363 data
821 1298 1075 1386 organismnm
1129 1305 1137 1323 ⁸

228 1411 318 1487 culi,
340 1426 415 1499 post
440 1426 585 1475 mortem
608 1424 740 1485 tantum
764 1412 980 1495 examinati,
1001 1440 1077 1484 non
1093 1420 1153 1488 sati
1209 1392 1215 1547 j

1208 1594 1215 1633 t

227 1531 356 1591 lustrat.
402 1517 501 1586 et
468 1543 520 1583 ιιι
535 1518 760 1587 vermiculum
776 1525 819 1589 ob
841 1530 1095 1624 membranam
1109 1555 1139 1600 co

163 1718 167 1725 Ι
227 1638 273 1704 ria
291 1652 459 1714 externam
478 1634 586 1697 laxam
605 1635 647 1697 ad
663 1636 814 1701 Entoeoa'
839 1638 981 1719 cyatica
1009 1621 1178 1712 minnsbts
1207 1632 1215 1675 ³

227 1746 406 1834 relegarit,
438 1742 645 1832 quibuscum
666 1747 758 1809 nulla
779 1746 926 1834 quidem
952 1770 1045 1820 nota
1059 1757 1177 1846 congruit

228 1859 354 1929 omnia
388 1856 481 1925 anim
510 1855 636 1942 cyatica
662 1857 820 1949 hydatide
842 1861 1103 1949 continentur,
1133 1874 1178 1936 hta

228 1991 342 2043 antem
361 1969 397 2034 in
418 1969 572 2037 Dicerate
588 1972 696 2069 deest,
726 1994 837 2058 nequa
856 1978 991 2044 eadem
1007 1999 1124 2071 utpote
1133 2005 1176 2048 ru

171 2144 175 2150 ,
226 2089 303 2154 cula
312 2081 470 2151 inclusa
459 2104 496 2146 m
510 2084 593 2164 tubo
607 2063 790 2149 intestiuali
803 2083 912 2153 libera
925 2091 1064 2180 degere
1079 2111 1177 2183 possut,

223 2201 285 2270 sed
298 2182 383 2265 locis
396 2195 494 2264 certis
511 2217 641 2284 semper
658 2194 753 2265 affixa
775 2198 940 2285 haerent,
968 2221 1017 2271 ut
1040 2225 1178 2295 praetem
1205 2262 1208 2267 .

222 2310 324 2378 tursli
341 2325 473 2374 tantum
488 2309 589 2374 modo
610 2329 650 2373 ex
671 2309 814 2394 hepate
803 2313 1027 2384 intestinum
1045 2321 1180 2408 adnepos

159 2461 164 2472 .
224 2424 304 2491 sint.
346 2420 382 2487 si
404 2424 446 2488 cl.
466 2419 520 2484 nir
545 2419 619 2508 aliis
650 2443 729 2486 cum
762 2421 942 2493 vermibus
982 2448 1179 2520 comparasset,

222 2540 409 2602 multorum
426 2536 653 2599 membranam
670 2535 815 2622 corporis
832 2554 1023 2609 externam
1040 2546 1179 2610 Iaxamat-

223 2664 399 2720 servasset,
419 2648 510 2733 quod
525 2647 718 2731 praesertim
736 2643 777 2710 de
793 2649 1155 2738 Echinorhynchia'
1121 2656 1178 2745 spui

121 2768 125 2774 '
223 2757 349 2829 ruvini
366 2756 502 2824 servatis
520 2761 625 2835 salet,
649 2761 708 2826 sed
726 2758 796 2824 aliia
818 2759 925 2879 etiam
949 2790 987 2832 v.
1004 2792 1035 2835 c.
1055 2767 1176 2838 suurn

131 2872 134 2880 '
162 2897 165 2901 ·
222 2875 285 2938 bus
307 2874 391 2936 bene
410 2870 525 2938 multia
546 2870 677 2938 accidit

308 3033 403 3100 Oba.
425 3052 458 3101 a.
502 3037 575 3120 Ipse
601 3035 642 3097 de
667 3055 780 3098 verme
800 3017 956 3125 maxime
987 3046 1097 3113 dnbio
1123 3040 1171 3108 nist

218 3143 302 3214 certi
328 3146 473 3235 proferre
497 3144 623 3220 anaim,
654 3143 682 3210 si
703 3163 832 3222 autem,
875 3152 995 3239 qualia
1023 3155 1170 3242 descripta

218 3273 288 3332 est,
311 3258 579 3331 confirmaretur,
602 3260 664 3322 sub
681 3257 867 3348 Dirhyn'chi
882 3265 1036 3333 nomine
1053 3272 1168 3334 adnm

217 3361 609 3454 thocephala'referrem,
647 3384 680 3434 et
704 3369 1040 3454 Echinorhyncbum
1063 3381 1165 3445 interst

217 3481 506 3563 Tetrarbynchum
517 3486 732 3547 collocarem.
776 3481 874 3546 Cutis
900 3503 1044 3555 externa
1062 3492 1166 3558 laxata

214 3613 259 3658 ne
278 3593 495 3702 'convpniret;
525 3616 649 3660 cornua
673 3594 906 3681 proboscidas,
931 3599 992 3664 fila
1016 3601 1127 3668 uncini
1138 3603 1170 3663 fo*

216 3721 310 3782 rent3
340 3703 519 3771 eminentia
548 3706 694 3794 corporis
718 3706 847 3772 interna
870 3712 1064 3793 pedunculi
1088 3716 1164 3780 forsan

213 3816 334 3904 vagina
359 3834 463 3896 esset,
509 3836 542 3888 et
567 3840 740 3907 processus
770 3820 981 3906 cytinmima
1003 3829 1180 3918 dependens
