2446 4628
105 230 151 328 8⁴8
243 195 245 200 Ι
801 232 810 262 Ι

137 408 140 413 ’
190 388 337 515 Descr.
371 414 504 479 Vermes
526 412 584 477 seir
598 387 639 476 id
661 409 796 498 triginta
813 376 931 501 nique
948 370 1093 501 pollices

104 523 197 612 longi
209 571 226 621 2.
245 541 310 590 tres
334 525 375 586 sd
392 540 469 589 octo
491 521 595 591 lineas
613 523 671 589 lati
678 534 688 600 3
716 523 855 591 maximi
875 524 1012 592 lineam
1028 527 1095 594 iere

108 636 221 731 crassi.

204 798 321 879 Caput
338 795 491 862 omnium
505 796 728 871 Taeniamm.
750 800 914 863 hactenus
939 772 1096 886 cognito
1128 736 1132 785 t

109 935 205 986 rum,
229 909 433 985 maximum,
457 908 668 985 disciforme,
696 926 932 1003 tetragonum,
968 896 1097 978 antror-

110 1048 186 1097 ιιιιιι
204 1039 415 1095 truncatum,
442 1019 512 1086 sive
533 1020 804 1096 obtusissimam,
828 1021 1031 1089 latituilinis
1053 1046 1127 1119 rag·

112 1135 205 1201 tione
227 1131 339 1198 habita
365 1130 618 1208 brevissimum,
658 1133 786 1221 postica
811 1114 1041 1199 contrairtum
1066 1151 1132 1213 et

112 1246 204 1332 rugis
230 1245 399 1317 cinctum,
438 1243 560 1332 quibus
582 1247 706 1310 collum
717 1244 886 1331 utrinque
914 1244 1076 1332 plicae
1063 1268 1098 1310 m
1124 1266 1132 1431 1

68 1392 71 1396 ·
114 1360 255 1422 modum
281 1355 422 1442 obtegit,
461 1358 697 1420 undenomen
724 1355 898 1433 tritialea,
926 1359 1132 1423 Zedero

115 1468 324 1554 impositum.
374 1467 552 1532 Osculain
576 1467 694 1554 capitis
710 1467 886 1556 superficie
902 1468 1047 1547 atrtica,
1068 1485 1112 1555 et,

117 1581 255 1669 quidem
271 1581 419 1658 ejusdem
431 1578 560 1666 angulis
581 1578 709 1659 obtusis
723 1578 889 1654 immissa,
909 1579 1011 1645 linea
1028 1603 1099 1647 cru·
1130 1604 1132 1611 ·

115 1691 205 1779 cista
229 1692 316 1760 baut]
338 1692 501 1775 profunda
525 1695 566 1756 ab
588 1690 735 1756 invicem
754 1706 920 1777 separata;
947 1691 1098 1779 singulo·
1130 1724 1132 1729 ·

115 1784 193 1868 rum
209 1800 337 1867 orificio
355 1801 533 1877 mediocri,
557 1803 753 1877 orbiculari,
776 1801 883 1867 osculi
900 1824 991 1866 cavo
1007 1803 1096 1869 intus

118 1924 315 2002 angustato,
346 1913 435 1978 coni,
464 1918 534 1978 llol.
556 1918 582 2003 J.
606 1939 639 2001 p.
662 1918 735 1994 265.
787 1915 917 1978 Collum
940 1900 1109 2007 breuissil'

116 2008 232 2101 inunt,
256 2030 409 2113 planum,
433 2025 541 2110 eapite
555 2024 771 2089 incumbente
787 2040 935 2099 tectum,
956 2016 1094 2099 ,sensim

118 2141 307 2239 inCorpus
333 2136 455 2204 abiens.
500 2140 575 2202 Hoc
602 2123 759 2224 utrin'que
786 2138 844 2199 sed
869 2159 998 2223 parum
1018 2153 1093 2203 atte-
1125 2126 1128 2131 ⁵

120 2269 284 2324 nuatum,
313 2250 422 2313 media
448 2247 706 2333 longissimaque
725 2265 819 2334 parte
840 2249 997 2337 aequali;
1024 2249 1132 2313 arti·¹
1130 2244 1132 2249 ’

120 2362 205 2426 culis
225 2360 365 2444 siugulis
374 2363 531 2468 sextuplo
549 2377 582 2423 et
600 2363 684 2423 ultra
703 2359 879 2426 latioribus
897 2383 1005 2447 quam
1029 2358 1130 2425 lon'

120 2471 198 2569 gis,
232 2487 418 2534 antrorsum
453 2468 619 2555 paulisper
643 2472 838 2549 contractis3
886 2466 1112 2567 marginibus
1122 2504 1128 2523 ι

123 2582 251 2656 acutis,
280 2580 408 2666 postico
426 2599 552 2666 partem
569 2581 724 2645 articuli
714 2581 920 2669 insequentis
935 2595 1091 2672 magnam
1130 2574 1132 2585 ¹

116 2698 314 2777 ‚obtegente3
346 2697 467 2778 angulo
487 2691 617 2777 postico
633 2697 826 2772 crenulato.¹
856 2694 1001 2760 Articuli
1020 2719 1092 2761 oon

122 2827 198 2880 raro
218 2800 351 2868 confusi
367 2802 443 2881 sive
465 2801 656 2891 interrupti«
695 2807 870 2873 Foramina
896 2808 1091 2895 marginalia

124 2898 257 2983 alterius
271 2913 395 2989 lateris.
450 2961 460 2979 ,

215 3078 364 3161 Goaria,
387 3086 470 3150 milri
491 3109 560 3182 non
582 3087 675 3165 visa,
694 3089 731 3154 iu
754 3090 900 3158 articulis
920 3092 1045 3163 mediis
1064 3112 1094 3159 et

123 3189 361 3288 ¹posterioribus
387 3199 576 3284 irregularia
605 3205 717 3270 adesse
740 3203 913 3280 videntur,
948 3207 1036 3272 dum
1058 3175 1093 3293 in

48 3320 53 3341 ¹
124 3299 523 3396 Abilgaardii'icone
550 3317 582 3377 d.
601 3318 736 3379 cellulae
757 3319 868 3401 plures
886 3336 1093 3404 comparent,

124 3443 266 3511 quarum
290 3425 330 3488 cl.
350 3420 401 3484 vir
418 3424 595 3488 duodecim
613 3429 654 3489 ad
671 3428 926 3511 quatuordecim
939 3453 1096 3495 numera»

123 3532 184 3597 vit.
219 3535 302 3617 lpse
330 3531 366 3594 in
386 3534 558 3618 speciebus
581 3537 827 3622 compluribus,
855 3524 1093 3607 ovismaturis

123 3641 238 3720 factis,
270 3659 375 3710 totam
393 3644 525 3712 articuli
547 3647 768 3735 substantiam
791 3649 1008 3740 spongiosam
1024 3653 1096 3721 ubi·
