2446 4628
144 330 216 415 so
318 342 323 355 .

147 532 226 577 rum
246 510 347 575 altera
369 530 411 575 ex
432 526 514 574 aare
533 501 669 576 sinistra
691 504 858 597 mulieris
876 530 952 600 per
964 510 1128 580 uimuian

34 624 38 633 '
85 614 90 627 '
148 621 353 711 cepanngts
368 619 548 687 laborantis
568 624 694 709 supas.
715 625 827 689 siser·
846 626 992 695 eoam
1012 647 1052 691 ex
1070 629 1125 694 tou

148 751 296 805 exuam
313 732 449 810 dicitur,
470 735 511 799 ab
527 750 664 799 auctore
679 737 827 801 Lucano
844 738 994 817 Cerno,
1016 741 1057 805 ab
1068 739 1126 803 Edi·

146 865 220 917 tote
237 846 333 911 diarii
346 846 457 933 gallici
473 845 669 929 Cerambyci
683 846 792 912 Heroi
809 848 1086 927 adscribuntur,
1102 868 1125 916 et

146 959 361 1041 Cerambycis
381 957 500 1045 utique
518 957 693 1035 ridenturt
712 973 755 1039 25
771 958 895 1025 lineas
913 962 1125 1049 longitudine,

146 1096 204 1141 sex
228 1096 309 1138 cum
325 1071 466 1155 dimidia
487 1070 650 1137 diametro
673 1070 905 1138 transversali
940 1080 1123 1163 aequabant.

143 1202 186 1251 ut
199 1184 260 1273 qui
275 1182 329 1251 his
343 1183 381 1247 in
398 1182 542 1249 cavitate
558 1182 710 1269 tympani
724 1186 827 1249 locus
844 1188 1008 1255 conoedi
1026 1206 1122 1275 potae

144 1298 209 1374 rit,
232 1320 304 1363 non
323 1296 453 1383 capias,
481 1293 549 1361 nisi
577 1296 713 1363 cellulas
733 1317 933 1384 processus
958 1300 1121 1368 mastoidei

142 1410 280 1479 caritati
298 1409 408 1475 dictae
423 1404 747 1509 proximasnstimulo
768 1430 927 1483 summo
953 1414 1121 1483 larvarum·

143 1546 211 1613 que
224 1519 394 1611 pressione
404 1518 527 1587 sensim
545 1535 738 1587 consumtus
753 1519 873 1589 fuisse
889 1540 1042 1605 statuas,
1058 1549 1120 1613 qua·
1148 1586 1150 1595 .

61 1612 64 1621 Ι
140 1640 189 1704 les
204 1636 276 1724 ipse
292 1634 329 1699 in
348 1635 416 1699 hoo
431 1653 506 1699 osse
518 1635 621 1697 semel
632 1633 817 1711 observavi,
835 1653 886 1700 ut
902 1637 1041 1705 cavitas
1056 1639 1117 1704 iuds

140 1740 241 1837 triplo
257 1752 363 1828 major
375 1744 461 1811 facta
478 1740 590 1811 fuerit.
624 1744 751 1812 Auctor
765 1746 810 1811 ad
826 1751 967 1816 tubam
987 1755 1117 1817 Eusta-

140 1860 232 1929 chii
249 1856 400 1934 recurrit,
416 1860 502 1923 hanc
511 1873 624 1922 autem
640 1856 792 1945 ignotam
801 1865 863 1927 rel
882 1864 1008 1929 debita
1016 1867 1115 1933 saltem
1149 1896 1151 1903 ·

140 1971 327 2040 attentione
337 1994 408 2036 non
424 1969 629 2037 examinasse
648 1969 792 2047 videtur,
807 1969 933 2060 ipsius
952 1958 1114 2043 enim'uu
1149 1998 1151 2019 ²

138 2110 214 2176 pars
238 2083 450 2171 cartilaginea
475 2080 562 2163 (sive
583 2085 664 2147 tuba
683 2083 819 2170 proprie
845 2085 986 2172 dicta),
1027 2111 1113 2179 quau

50 2249 60 2258 .
138 2220 252 2274 ossea,
275 2218 358 2265 cavo
373 2191 523 2285 tympani
552 2193 703 2282 proxima
719 2196 850 2261 larvam
877 2214 1022 2267 tantam
1042 2224 1113 2268 uua·

137 2332 240 2399 quam
264 2308 435 2376 continere
466 2323 587 2395 potest.
647 2305 804 2373 Auctoris
836 2317 1049 2394 conjectura
1080 2315 1111 2377 ds

137 2428 330 2493 membrana
347 2420 496 2509 tympani
516 2441 582 2508 qua
598 2436 726 2507 partem
743 2440 784 2483 ex
800 2424 907 2488 sulco
925 2408 998 2493 ouo
1015 2429 1110 2492 soluts

135 2559 247 2624 neque
271 2539 439 2601 destructa
466 2553 570 2619 aeque
594 2553 713 2618 parum
735 2530 960 2600 admittenda
977 2553 1046 2613 est,
1066 2560 1110 2601 ne·

135 2649 330 2734 minemque
345 2669 440 2713 casm
459 2645 614 2731 fugiunt,
644 2641 704 2708 ubi
729 2643 892 2710 homines
919 2652 1109 2715 membrana

136 2761 225 2827 dicta
243 2782 375 2849 prorsus
392 2761 499 2823 deleta
515 2758 670 2822 auditum
687 2772 800 2821 tamen
815 2776 1063 2829 servaverunt.

210 2972 213 2979 ’
320 2987 354 3052 b.
383 3005 436 3050 an
460 3004 633 3049 annuam
656 3003 917 3053 sacunnasu.

132 3141 163 3206 b.
179 3146 226 3224 a.)
255 3142 303 3204 ad
328 3142 443 3227 Caput
461 3142 525 3206 XI.
548 3141 591 3203 de
611 3120 841 3204 Entozoorrsm
865 3144 1104 3225 respiratione.

217 3314 363 3400 Sorgii
383 3314 507 3380 librum
525 3317 566 3378 de
580 3313 784 3378 insectorum
808 3327 844 3375 et
860 3315 1044 3383 vermium
1063 3337 1101 3380 ro·

128 3424 309 3514 spiratione
336 3445 487 3514 agentem
512 3426 625 3514 (praef.
649 3449 681 3511 p.
707 3425 836 3487 X11.P.
863 3449 892 3490 ι.
917 3430 966 3494 de
994 3429 1099 3496 insect.

127 3538 345 3625 respiratione
359 3565 392 3625 p.
412 3565 484 3603 ι-
499 3543 569 3619 ι64.
591 3539 626 3601 P.
644 3556 673 3602 2.
699 3538 740 3599 de
764 3537 947 3603 vermium
971 3540 1099 3628 respira·
1131 3558 1134 3563 ·

126 3649 221 3717 tione
235 3675 268 3739 p.
290 3655 433 3733 1-60.)
456 3649 628 3716 volumine
647 3648 755 3736 primo
772 3646 868 3712 edito
893 3653 1044 3717 demum
1063 3656 1099 3715 lo·

124 3785 201 3850 gere
219 3763 371 3853 contigit.
395 3766 446 3831 ct
462 3763 513 3830 vir
526 3766 563 3830 Ρ.
582 3787 611 3830 ι.
635 3785 669 3851 p.
683 3772 716 3847 4.
739 3780 777 3826 ea
796 3775 942 3832 tantum
965 3784 1097 3856 corpora
